<record xmlns='http://www.loc.gov/MARC21/slim'><leader>02882cam a22004092u 4500</leader><controlfield tag='001'>5539786</controlfield><controlfield tag='005'>20181018121251.0</controlfield><controlfield tag='007'>he u||024||||</controlfield><controlfield tag='008'>080220s1991    xxu ||| b     ||| | eng d</controlfield><datafield ind1=' ' ind2=' ' tag='035'><subfield code='9'>(ericd)ED341050</subfield></datafield><datafield ind1=' ' ind2=' ' tag='037'><subfield code='a'>ED341050</subfield><subfield code='b'>ERIC</subfield></datafield><datafield ind1=' ' ind2=' ' tag='040'><subfield code='a'>ericd</subfield><subfield code='b'>eng</subfield><subfield code='c'>ericd</subfield><subfield code='d'>MvI</subfield></datafield><datafield ind1=' ' ind2=' ' tag='091'><subfield code='a'>mfm</subfield></datafield><datafield ind1='1' ind2=' ' tag='100'><subfield code='a'>Robbins, Bruce.</subfield></datafield><datafield ind1='1' ind2='0' tag='245'><subfield code='a'>Playwriting</subfield><subfield code='h'>[microform] :</subfield><subfield code='b'>Not Just for Dramatists /</subfield><subfield code='c'>Bruce Robbins.</subfield></datafield><datafield ind1=' ' ind2=' ' tag='260'><subfield code='a'>[Washington, D.C.] :</subfield><subfield code='b'>Distributed by ERIC Clearinghouse,</subfield><subfield code='c'>1991.</subfield></datafield><datafield ind1=' ' ind2=' ' tag='300'><subfield code='a'>13 p.</subfield></datafield><datafield ind1=' ' ind2=' ' tag='520'><subfield code='a'>Playwriting gives students focused experience with dialogue, which is useful in many kinds of writing, and provides an avenue for process-based writing instruction. The assignment of writing plays allows students to try out various personae without risking direct self-identification. Students write more for one another than for the teacher, allowing the teacher to become a facilitator and resource, rather than a dictator. Topic-generating prewriting activities such as brainstorming begin the project. In an incubation period, the class fleshes out possible characters. In the drafting stage, students keep characters talking, to see where scenes might go, or write a prose sketch to get started. After a rough draft emerges, students consider some basic principles and elements of dramatic structure. Scenes usually are enhanced by incorporating some or all of the following: (1) emotion; (2) discoveries; (3) decisions; (4) reversals; and (5) angularity. Scripts are completed, and students rehearse them, with playwrights providing direction. Playwrights are present at rehearsals to provide direction to performers. The rehearsals create an impetus to revise. Following revisions, writers prepare finished manuscripts in drama format. Other students&apos; reactions and playwright self-evaluations enter into final grades. The value of the assignment lies in what students learn about the nature and craft of representing ideas and experience in writing. (SG)</subfield></datafield><datafield ind1=' ' ind2=' ' tag='530'><subfield code='a'>May also be available online. Address as at 14/8/18:</subfield><subfield code='u'>https://eric.ed.gov/</subfield></datafield><datafield ind1=' ' ind2=' ' tag='533'><subfield code='a'>Microfiche.</subfield><subfield code='b'>[Washington D.C.]:</subfield><subfield code='c'>ERIC Clearinghouse</subfield><subfield code='e'>microfiches : positive.</subfield></datafield><datafield ind1='0' ind2='7' tag='650'><subfield code='a'>Characterization.</subfield><subfield code='2'>ericd</subfield></datafield><datafield ind1='0' ind2='7' tag='650'><subfield code='a'>Class Activities.</subfield><subfield code='2'>ericd</subfield></datafield><datafield ind1='0' ind2='7' tag='650'><subfield code='a'>Drama.</subfield><subfield code='2'>ericd</subfield></datafield><datafield ind1='0' ind2='7' tag='650'><subfield code='a'>High Schools.</subfield><subfield code='2'>ericd</subfield></datafield><datafield ind1='0' ind2='7' tag='650'><subfield code='a'>Peer Evaluation.</subfield><subfield code='2'>ericd</subfield></datafield><datafield ind1='1' ind2='7' tag='650'><subfield code='a'>Playwriting.</subfield><subfield code='2'>ericd</subfield></datafield><datafield ind1='0' ind2='7' tag='650'><subfield code='a'>Prewriting.</subfield><subfield code='2'>ericd</subfield></datafield><datafield ind1='0' ind2='7' tag='650'><subfield code='a'>Process Approach (Writing)</subfield><subfield code='2'>ericd</subfield></datafield><datafield ind1='1' ind2='7' tag='650'><subfield code='a'>Teacher Role.</subfield><subfield code='2'>ericd</subfield></datafield><datafield ind1='0' ind2='7' tag='650'><subfield code='a'>Teacher Student Relationship.</subfield><subfield code='2'>ericd</subfield></datafield><datafield ind1='1' ind2='7' tag='650'><subfield code='a'>Writing Assignments.</subfield><subfield code='2'>ericd</subfield></datafield><datafield ind1='1' ind2='7' tag='650'><subfield code='a'>Writing Instruction.</subfield><subfield code='2'>ericd</subfield></datafield><datafield ind1='1' ind2='7' tag='650'><subfield code='a'>Writing Processes.</subfield><subfield code='2'>ericd</subfield></datafield><datafield ind1=' ' ind2='7' tag='655'><subfield code='a'>Opinion Papers.</subfield><subfield code='2'>ericd</subfield></datafield><datafield ind1=' ' ind2='7' tag='655'><subfield code='a'>Guides, Classroom</subfield><subfield code='x'>Teacher.</subfield><subfield code='2'>ericd</subfield></datafield><datafield ind1='4' ind2='1' tag='856'><subfield code='u'>https://eric.ed.gov/?id=ED341050</subfield></datafield><datafield ind1='f' ind2='f' tag='999'><subfield code='i'>13e9df48-156d-58d9-b347-78d79fc17d43</subfield><subfield code='s'>087ddf1d-d9a4-5515-b082-b5a90d923d87</subfield></datafield><datafield ind1='f' ind2='f' tag='952'><subfield code='a'>National Library of Australia</subfield><subfield code='b'>Parkes</subfield><subfield code='c'>Parkes</subfield><subfield code='d'>Main Reading Room - Newspapers and Family History (MIC [Newspapers])</subfield><subfield code='e'>mc 2253 ED341050</subfield><subfield code='h'>Other scheme</subfield><subfield code='m'>9b29efa5-0ad3-5fd4-800f-404bca9afb4f</subfield><subfield code='z'>Note: This item may be online. Please search the ERIC website prior to requesting this microfiche item.</subfield></datafield></record>